
@article{rotela_analytical_2017,
	title = {Analytical report of the 2016 dengue outbreak in {Córdoba} city, {Argentina}},
	volume = {12},
	url = {https://geospatialhealth.net/index.php/gh/article/view/564},
	doi = {10.4081/gh.2017.564},
	number = {2},
	urldate = {2023-01-01},
	journal = {Geospatial Health},
	author = {Rotela, Camilo and Lopez, Laura and Frías Céspedes, María and Barbas, Gabriela and Lighezzolo, Andrés and Porcasi, Ximena and Lanfri, Mario A. and Scavuzzo, Carlos M. and Gorla, David E.},
	year = {2017},
	pages = {226--227},
}

@article{curto_reinfestacion_2002,
	title = {Reinfestación del territorio {Argentino} por {Aedes} aegypti. {Distribución} geográfica (1994-1999)},
	volume = {Fundación Mundo Sano, Buenos Aires},
	journal = {Actualizaciones En Artropodología Sanitaria Argentina},
	author = {Curto, S. and Boffi, R. and Carbajo, A.E. and Plastina, R.},
	year = {2002},
	pages = {127--137},
}

@article{almiron_aedes_1998,
	title = {Aedes aegypti ({Diptera}: {Culicidae}) en {Córdoba}, {Argentina}},
	volume = {57},
	journal = {Rev. Soc. Entomológica Argent},
	author = {Almirón, W.R. and Almeida, F.F.},
	year = {1998},
}

@article{robert_arbovirus_2019,
	title = {Arbovirus emergence in the temperate city of {Córdoba}, {Argentina}, 2009–2018},
	volume = {6},
	doi = {10.1038/s41597-019-0295-z},
	number = {1},
	urldate = {2023-01-01},
	journal = {Scientific Data},
	author = {Robert, Michael A. and Tinunin, Daniela T. and Benitez, Elisabet M. and Ludueña-Almeida, Francisco F. and Romero, Moory and Stewart-Ibarra, Anna M. and Estallo, Elizabet L.},
	year = {2019},
}

@article{estallo_decade_2020,
	title = {A decade of arbovirus emergence in the temperate southern cone of {South} {America}: dengue, {Aedes} aegypti and climate dynamics in {Córdoba}, {Argentina}},
	volume = {6},
	url = {https://www.sciencedirect.com/science/article/pii/S2405844020317011},
	doi = {10.1016/j.heliyon.2020.e04858},
	number = {9},
	urldate = {2023-01-01},
	journal = {Heliyon},
	author = {Estallo, Elizabet L. and Sippy, Rachel and Stewart-Ibarra, Anna M. and Grech, Marta G. and Benitez, Elisabet M. and Ludueña-Almeida, Francisco F. and Ainete, Mariela and Frias-Cespedes, María and Robert, Michael and Romero, Moory M. and Almirón, Walter R.},
	year = {2020},
	pages = {e04858},
}

@misc{noauthor_dengue_2022,
	title = {Dengue and severe dengue},
	url = {https://www.who.int/news-room/fact-sheets/detail/dengue-and-severe-dengue\#:~:text=The\%20disease\%20is\%20now\%20endemic},
	journal = {www.who.int},
	year = {2022},
}

@article{chretien_physicians_2011,
	title = {Physicians on {Twitter}},
	volume = {305},
	doi = {10.1001/jama.2011.68},
	number = {6},
	urldate = {2023-01-01},
	journal = {JAMA},
	author = {Chretien, Katherine C. and Azar, Justin and Kind, Terry},
	year = {2011},
	pages = {566},
}

@article{broniatowski_national_2013,
	title = {National and {Local} {Influenza} {Surveillance} through {Twitter}: {An} {Analysis} of the 2012-2013 {Influenza} {Epidemic}},
	volume = {8},
	doi = {10.1371/journal.pone.0083672},
	number = {12},
	journal = {PLoS ONE},
	author = {Broniatowski, David A. and Paul, Michael J. and Dredze, Mark},
	editor = {Preis, Tobias},
	year = {2013},
	pages = {e83672},
}

@article{codeco_infodengue_2018,
	title = {Infodengue: {A} nowcasting system for the surveillance of arboviruses in {Brazil}},
	volume = {66},
	doi = {10.1016/j.respe.2018.05.408},
	urldate = {2023-01-01},
	journal = {Revue d'Épidémiologie et de Santé Publique},
	author = {Codeco, C. and Coelho, F. and Cruz, O. and Oliveira, S. and Castro, T. and Bastos, L.},
	year = {2018},
	pages = {S386},
}

@article{gomide_dengue_2011,
	title = {Dengue surveillance based on a computational model of spatio-temporal locality of {Twitter}},
	doi = {10.1145/2527031.2527049},
	urldate = {2022-01-01},
	journal = {Proceedings of the 3rd International Web Science Conference on - WebSci '11},
	author = {Gomide, Janaína and Veloso, Adriano and Meira, Wagner and Almeida, Virgílio and Benevenuto, Fabrício and Ferraz, Fernanda and Teixeira, Mauro},
	year = {2011},
}

@article{albinati_enhancement_2017,
	title = {Enhancement of {Epidemiological} {Models} for {Dengue} {Fever} {Based} on {Twitter} {Data}},
	doi = {10.1145/3079452.3079464},
	urldate = {2023-01-01},
	journal = {Proceedings of the 2017 International Conference on Digital Health},
	author = {Albinati, Julio and Meira, Wagner and Pappa, Gisele L. and Teixeira, Mauro and Marques-Toledo, Cecilia},
	year = {2017},
}

@article{souza_identifying_2019,
	title = {Identifying {High}-{Risk} {Areas} for {Dengue} {Infection} {Using} {Mobility} {Patterns} on {Twitter}},
	volume = {11},
	doi = {10.5210/ojphi.v11i1.9754},
	number = {1},
	urldate = {2021-01-01},
	journal = {Online Journal of Public Health Informatics},
	author = {Souza, Roberto and Neill, Daniel B. and Assuncao, Renato M and Meira, Wagner, Jr.},
	year = {2019},
}

@article{paul_twitter_2014,
	title = {Twitter {Improves} {Influenza} {Forecasting}},
	doi = {10.1371/currents.outbreaks.90b9ed0f59bae4ccaa683a39865d9117},
	journal = {PLoS Currents},
	author = {Paul, Michael J. and Dredze, Mark and Broniatowski, David},
	year = {2014},
}

@article{fu_how_2016,
	title = {How people react to {Zika} virus outbreaks on {Twitter}? {A} computational content analysis},
	volume = {44},
	doi = {10.1016/j.ajic.2016.04.253},
	number = {12},
	urldate = {2021-01-01},
	journal = {American Journal of Infection Control},
	author = {Fu, King-Wa and Liang, Hai and Saroha, Nitin and Tse, Zion Tsz Ho and Ip, Patrick and Fung, Isaac Chun-Hai},
	year = {2016},
	pages = {1700--1702},
}

@article{carter_how_2014,
	title = {How {Twitter} may have helped {Nigeria} contain {Ebola}},
	volume = {349},
	doi = {10.1136/bmj.g6946},
	number = {nov19 3},
	journal = {BMJ},
	author = {Carter, M.},
	year = {2014},
	pages = {g6946--g6946},
}

@article{signorini_use_2011,
	title = {The {Use} of {Twitter} to {Track} {Levels} of {Disease} {Activity} and {Public} {Concern} in the {U}.{S}. during the {Influenza} {A} {H1N1} {Pandemic}},
	volume = {6},
	doi = {10.1371/journal.pone.0019467},
	number = {5},
	journal = {PLoS ONE},
	author = {Signorini, Alessio and Segre, Alberto Maria and Polgreen, Philip M.},
	editor = {Galvani, Alison P.},
	year = {2011},
	pages = {e19467},
}

@article{hecht_tweets_2011,
	title = {Tweets from {Justin} {Bieber}'s heart},
	doi = {10.1145/1978942.1978976},
	journal = {Proceedings of the SIGCHI Conference on Human Factors in Computing Systems},
	author = {Hecht, Brent and Hong, Lichan and Suh, Bongwon and Chi, Ed H.},
	year = {2011},
}

@misc{noauthor_digital_nodate,
	title = {Digital 2022: {Argentina}},
	url = {https://datareportal.com/reports/digital-2022-argentina},
	journal = {DataReportal – Global Digital Insights},
}

@article{alshaabi_growing_2021,
	title = {The growing amplification of social media: measuring temporal and social contagion dynamics for over 150 languages on {Twitter} for 2009–2020},
	volume = {10},
	url = {https://pdodds.w3.uvm.edu/research/papers/years/2020/alshaabi2020a.pdf},
	doi = {10.1140/epjds/s13688-021-00271-0},
	number = {1},
	journal = {EPJ Data Science},
	author = {Alshaabi, Thayer and Dewhurst, David Rushing and Minot, Joshua R. and Arnold, Michael V. and Adams, Jane L. and Danforth, Christopher M. and Dodds, Peter Sheridan},
	year = {2021},
}

@techreport{vitores_espanol_2016,
	title = {{EL} {ESPAÑOL}: {UNA} {LENGUA} {VIVA}. {INFORME} 2016},
	institution = {Instituto Cervantes},
	author = {Vítores, David Fernández},
	year = {2016},
	pages = {5--6},
}

@article{wang_enhancing_2019,
	title = {Enhancing spatial and textual analysis with {EUPEG}: {An} extensible and unified platform for evaluating geoparsers},
	volume = {23},
	doi = {10.1111/tgis.12579},
	number = {6},
	urldate = {2021-01-01},
	journal = {Transactions in GIS},
	author = {Wang, Jimin and Hu, Yingjie},
	year = {2019},
	pages = {1393--1419},
}

@article{gelernter_cross-lingual_2013,
	title = {Cross-lingual geo-parsing for non-structured data},
	doi = {10.1145/2533888.2533943},
	urldate = {2023-01-01},
	journal = {Proceedings of the 7th Workshop on Geographic Information Retrieval},
	author = {Gelernter, Judith and Zhang, Wei},
	year = {2013},
}

@article{de_bruijn_taggs_2017,
	title = {{TAGGS}: {Grouping} {Tweets} to {Improve} {Global} {Geoparsing} for {Disaster} {Response}},
	volume = {2},
	doi = {10.1007/s41651-017-0010-6},
	number = {1},
	urldate = {2023-01-01},
	journal = {Journal of Geovisualization and Spatial Analysis},
	author = {de Bruijn, Jens A. and de Moel, Hans and Jongman, Brenden and Wagemaker, Jurjen and Aerts, Jeroen C. J. H.},
	year = {2017},
}

@misc{noauthor_welcome_nodate,
	title = {Welcome to geotext’s documentation! — geotext 0.1.0 documentation},
	url = {https://geotext.readthedocs.io/en/latest/index.html},
	urldate = {2023-01-01},
	journal = {geotext.readthedocs.io},
}

@article{chen_syndromic_2015,
	title = {Syndromic surveillance of {Flu} on {Twitter} using weakly supervised temporal topic models},
	volume = {30},
	doi = {10.1007/s10618-015-0434-x},
	number = {3},
	urldate = {2020-01-01},
	journal = {Data Mining and Knowledge Discovery},
	author = {Chen, Liangzhe and Tozammel Hossain, K. S. M. and Butler, Patrick and Ramakrishnan, Naren and Prakash, B. Aditya},
	year = {2015},
	pages = {681--710},
}

@article{paul_discovering_2014,
	title = {Discovering {Health} {Topics} in {Social} {Media} {Using} {Topic} {Models}},
	volume = {9},
	url = {https://www.ncbi.nlm.nih.gov/pmc/articles/PMC4118877/pdf/pone.0103408.pdf},
	doi = {10.1371/journal.pone.0103408},
	number = {8},
	urldate = {2020-01-01},
	journal = {PLoS ONE},
	author = {Paul, Michael J. and Dredze, Mark},
	editor = {Lambiotte, Renaud},
	year = {2014},
	pages = {e103408},
}

@article{wicke_framing_2020,
	title = {Framing {COVID}-19: {How} we conceptualize and discuss the pandemic on {Twitter}},
	volume = {15},
	doi = {10.1371/journal.pone.0240010},
	number = {9},
	journal = {PLOS ONE},
	author = {Wicke, Philipp and Bolognesi, Marianna M.},
	editor = {Athanasopoulos, Panos},
	year = {2020},
	pages = {e0240010},
}

@article{vaswani_attention_2017,
	title = {Attention is {All} {You} {Need}},
	journal = {31st Conference on Neural Information Processing Systems (NIPS 2017)},
	author = {Vaswani, Ashish and Shazeer, Noam and Parmar, Niki and Uszkoreit, Jakob and Jones, Llion and Gomez, Aidan N. and Kaiser, Lukasz and Polosukhin, Illia},
	year = {2017},
}

@techreport{thickstun_transformer_nodate,
	title = {The {Transformer} {Model} in {Equations}},
	urldate = {2023-01-01},
	author = {Thickstun, John},
}

@article{queiroz_overlap_2022,
	title = {Overlap between dengue, {Zika} and chikungunya hotspots in the city of {Rio} de {Janeiro}},
	volume = {17},
	doi = {10.1371/journal.pone.0273980},
	number = {9},
	urldate = {2023-01-01},
	journal = {PLOS ONE},
	author = {Queiroz, Eny Regina da Silva and Medronho, Roberto de Andrade},
	editor = {Giovanetti, Marta},
	year = {2022},
	pages = {e0273980},
}

@article{freifeld_healthmap_2008,
	title = {{HealthMap}: {Global} {Infectious} {Disease} {Monitoring} through {Automated} {Classification} and {Visualization} of {Internet} {Media} {Reports}},
	volume = {15},
	url = {https://www.ncbi.nlm.nih.gov/pmc/articles/PMC2274789/},
	doi = {10.1197/jamia.m2544},
	number = {2},
	urldate = {2020-01-01},
	journal = {Journal of the American Medical Informatics Association},
	author = {Freifeld, C. C. and Mandl, K. D. and Reis, B. Y. and Brownstein, J. S.},
	year = {2008},
	pages = {150--157},
}

@article{culotta_towards_2010,
	title = {Towards detecting influenza epidemics by analyzing {Twitter} messages},
	doi = {10.1145/1964858.1964874},
	urldate = {2021-01-01},
	journal = {Proceedings of the First Workshop on Social Media Analytics - SOMA '10},
	author = {Culotta, Aron},
	year = {2010},
}

@article{chunara_social_2012,
	title = {Social and {News} {Media} {Enable} {Estimation} of {Epidemiological} {Patterns} {Early} in the 2010 {Haitian} {Cholera} {Outbreak}},
	volume = {86},
	doi = {10.4269/ajtmh.2012.11-0597},
	number = {1},
	journal = {The American Journal of Tropical Medicine and Hygiene},
	author = {Chunara, Rumi and Andrews, Jason R. and Brownstein, John S.},
	year = {2012},
	pages = {39--45},
}

@techreport{noauthor_digital_2023,
	title = {Digital 2023 {Global} {Digital} {Overview}},
	url = {https://datareportal.com/reports/digital-2023-global-overview-report},
	year = {2023},
}

@article{masri_use_2019,
	title = {Use of {Twitter} data to improve {Zika} virus surveillance in the {United} {States} during the 2016 epidemic},
	volume = {19},
	doi = {10.1186/s12889-019-7103-8},
	number = {1},
	journal = {BMC Public Health},
	author = {Masri, Shahir and Jia, Jianfeng and Li, Chen and Zhou, Guofa and Lee, Ming-Chieh and Yan, Guiyun and Wu, Jun},
	year = {2019},
}

@article{jordan_using_2018,
	title = {Using {Twitter} for {Public} {Health} {Surveillance} from {Monitoring} and {Prediction} to {Public} {Response}},
	volume = {4},
	doi = {10.3390/data4010006},
	number = {1},
	journal = {Data},
	author = {Jordan, Sophie and Hovet, Sierra and Fung, Isaac and Liang, Hai and Fu, King-Wa and Tse, Zion},
	year = {2018},
	pages = {6},
}

@article{saire_building_2019,
	title = {Building {Dengue} {Sensors} for {Brazil} {Using} a {Social} {Network} and {Text} {Mining}},
	issn = {9783030362102},
	doi = {10.1007/978-3-030-36211-9_6},
	urldate = {2023-01-01},
	journal = {Applications of Computational Intelligence},
	author = {Saire, Josimar Edinson Chire},
	year = {2019},
	pages = {69--77},
}

@article{coberly_tweeting_2014,
	title = {Tweeting {Fever}: {Can} {Twitter} {Be} {Used} to {Monitor} the {Incidence} of {Dengue}-{Like} {Illness} in the {Philippines}?},
	volume = {32},
	number = {4},
	journal = {JOHNS HOPKINS APL TECHNICAL DIGEST},
	author = {Coberly, Jacqueline S and Fink, Clayton R and Elbert, Yevgeniy and Yoon, In-Kyu and Velasco, John Mark and Tomayao, Agnes D and Jr, Vito Roque and Tayag, Enrique and Macasocol, Durinda R and Lewis, Sheri H},
	year = {2014},
}

@article{missier_tracking_2016,
	title = {Tracking {Dengue} {Epidemics} {Using} {Twitter} {Content} {Classification} and {Topic} {Modelling}},
	volume = {9881},
	issn = {9783319469621},
	doi = {10.1007/978-3-319-46963-8_7},
	journal = {Current Trends in Web Engineering},
	author = {Missier, Paolo and Romanovsky, Alexander and Miu, Tudor and Pal, Atinder and Daniilakis, Michael and Garcia, Alessandro and Cedrim, Diego and da Silva Sousa, Leonardo},
	year = {2016},
	pages = {80--92},
}

@article{jin_communicating_2020,
	title = {Communicating mega events on {Twitter}: implications for destination marketing},
	volume = {37},
	doi = {10.1080/10548408.2020.1812466},
	number = {6},
	urldate = {2020-01-01},
	journal = {Journal of Travel \& Tourism Marketing},
	author = {Jin, Xin and Cheng, Mingming},
	year = {2020},
	pages = {739--755},
}

@article{makhortykh_savedonbasspeople_2015,
	title = {\#{SaveDonbassPeople}: {Twitter}, {Propaganda}, and {Conflict} in {Eastern} {Ukraine}},
	volume = {18},
	doi = {10.1080/10714421.2015.1085776},
	number = {4},
	journal = {The Communication Review},
	author = {Makhortykh, Mykola and Lyebyedyev, Yehor},
	year = {2015},
	pages = {239--270},
}

@article{sazzed_dynamics_2022,
	title = {The {Dynamics} of {Ukraine}-{Russian} {Conflict} through the {Lens} of {Demographically} {Diverse} {Twitter} {Data}},
	doi = {10.1109/bigdata55660.2022.10020274},
	urldate = {2023-01-01},
	journal = {2022 IEEE International Conference on Big Data (Big Data)},
	author = {Sazzed, Salim},
	year = {2022},
}

@article{chandra_estimating_2011,
	title = {Estimating {Twitter} {User} {Location} {Using} {Social} {Interactions}--{A} {Content} {Based} {Approach}},
	doi = {10.1109/passat/socialcom.2011.120},
	journal = {2011 IEEE Third Int'l Conference on Privacy, Security, Risk and Trust and 2011 IEEE Third Int'l Conference on Social Computing},
	author = {Chandra, Swarup and Khan, Latifur and Muhaya, Fahad Bin},
	year = {2011},
}

@article{malik_crowd_2023,
	title = {Crowd {Control}, {Planning}, and {Prediction} {Using} {Sentiment} {Analysis}: {An} {Alert} {System} for {City} {Authorities}},
	volume = {13},
	doi = {10.3390/app13031592},
	number = {3},
	urldate = {2023-01-01},
	journal = {Applied Sciences},
	author = {Malik, Tariq and Hanif, Najma and Tahir, Ahsen and Abbas, Safeer and Hanif, Muhammad Shoaib and Tariq, Faiza and Ansari, Shuja and Abbasi, Qammer Hussain and Imran, Muhammad Ali},
	year = {2023},
	pages = {1592},
}

@article{cebeillac_where_2017,
	title = {Where ? {When} ? {And} how often ? {What} can we learn about daily urban mobilities from {Twitter} data and {Google} {POIs} in {Bangkok} ({Thailand}) and which perspectives for dengue studies ?},
	doi = {10.4000/netcom.2725},
	number = {31-3/4},
	urldate = {2021-01-01},
	journal = {Netcom},
	author = {Cebeillac, Alexandre and Daude, Eric and Huraux, Thomas},
	year = {2017},
	pages = {283--308},
}

@article{takats_ethical_2022,
	title = {Ethical and {Methodological} {Considerations} of {Twitter} {Data} for {Public} {Health} {Research}: {Systematic} {Review}},
	volume = {24},
	doi = {10.2196/40380},
	number = {11},
	journal = {Journal of Medical Internet Research},
	author = {Takats, Courtney and Kwan, Amy and Wormer, Rachel and Goldman, Dari and Jones, Heidi E and Romero, Diana},
	year = {2022},
	pages = {e40380},
}

@article{pilipiec_surveillance_2023,
	title = {Surveillance of communicable diseases using social media: {A} systematic review},
	volume = {18},
	doi = {10.1371/journal.pone.0282101},
	number = {2},
	journal = {PLOS ONE},
	author = {Pilipiec, Patrick and Samsten, Isak and Bota, András},
	editor = {Rocha, Luis M.},
	year = {2023},
	pages = {e0282101},
}
